@misc{Hartwig2016,
	author = {Hartwig, Zachary S and Podpaly, Yuri A},
	title = {{Magnetic Fusion Energy Formulary}},
	url = {https://github.com/MFEFormulary/MFEFormulary},
	year = {2016}
}

@article{Buckingham1914,
	title = {{On Physically Similar Systems; Illustrations of the Use of Dimensional Equations}},
	year = {1914},
	journal = {Phys. Rev.},
	author = {E. Buckingham},
	number = {},
	month = {},
	pages = {345},
	volume = {4},
	url = {},
	doi = {},
	issn = {}
}

@article{Puetterich2010,
	title = {{Calculation and experimental test of the cooling factor of tungsten}},
	year = {2010},
	journal = {Nucl. Fusion},
	author = {T. Puetterich},
	number = {},
	month = {},
	pages = {025012},
	volume = {50},
	url = {},
	doi = {10.1088/0029-5515/50/2/025012},
	issn = {}
}

@article{Connor1977,
	title = {{Scaling laws for plasma confinement}},
	year = {1977},
	journal = {Nucl. Fusion},
	author = {J.W. Connor and J.B. Taylor},
	number = {5},
	month = {},
	pages = {1047},
	volume = {17},
	url = {},
	doi = {},
	issn = {}
}

@incollection{Duchateau2016,
    title = {{Applied Superconductivity for fusion}},
    year = {2016},
    booktitle = {Applied Superconductivity for fusion},
    author = {Duchateau, Jean-Luc},
    chapter = {Supercondu}
}

@article{Eich2011,
	title = {{Inter-ELM Power Decay Length for JET and ASDEX Upgrade: Measurement and Comparison with Heuristic Drift-Based Model}},
	year = {2011},
	journal = {Phys. Rev. Lett.},
	author = {T. Eich et al.},
	number = {},
	month = {11},
	pages = {215001},
	volume = {107},
	url = {},
	doi = {10.1103/PhysRevLett.107.215001},
	issn = {}
}
@article{Eich2013,
	title = {{Scaling of the tokamak near the scrape-off layer H-mode power width	and implications for ITER}},
	year = {2013},
	journal = {Nucl. Fusion},
	author = {T. Eich et al.},
	number = {},
	month = {08},
	pages = {093031},
	volume = {53},
	url = {},
	doi = {10.1088/0029-5515/53/9/093031},
	issn = {}
}
@book{Freidberg2007,
	title = {{Plasma Physics and Fusion Energy}},
	year = {2007},
	author = {Freidberg, Jeffrey P},
	pages = {671},
	volume = {1},
	publisher = {Cambridge University Press},
	url = {http://books.google.com/books?hl=en&amp;lr=&amp;id=Vyoe88GEVz4C&amp;oi=fnd&amp;pg=PA3&amp;dq=Plasma+physics+and+fusion+energy&amp;ots=YvnpbizFsX&amp;sig=Cu0BZ0VcBGR0LHPrYF0bJZRR3KQ},
	isbn = {9788578110796},
	doi = {10.1017/CBO9781107415324.004},
	issn = {1098-6596},
	pmid = {25246403},
	arxivId = {arXiv:1011.1669v3},
	keywords = {icle}
}

@book{FusionCEA1987,
	title = {{La fusion thermonucl\'eaire contr\^ol\'ee par confinement magn\'etique}},
	year = {1987},
	author = {Collection du Commissariat \`a l'\'energie atomique},
	pages = {417},
	volume = {},
	publisher = {Masson, S\'erie Scientifique},
	url = {},
	isbn = {2-225-81284-5},
	doi = {},
	issn = {0767-8282},
	pmid = {},
	arxivId = {},
	keywords = {}
}


@article{Greenwald2002,
	title = {{Density limits in toroidal plasmas}},
	year = {2002},
	journal = {Plasma Physics and Controlled Fusion},
	author = {Greenwald, Martin},
	number = {8},
	month = {8},
	pages = {201},
	volume = {44},
	url = {http://stacks.iop.org/0741-3335/44/i=8/a=201?key=crossref.10b223c9bfedf85db5ed007f2fdae8a5},
	doi = {10.1088/0741-3335/44/8/201},
	issn = {07413335}
}

@article{Huba2013,
	title = {{NRL PLASMA FORMULARY Supported by The Office of Naval Research}},
	year = {2013},
	journal = {Plasma Physics},
	author = {Huba, J D},
	pages = {1--71},
	url = {http://wwwppd.nrl.navy.mil/nrlformulary/},
	isbn = {9781234126070},
	doi = {10.1109/MEI.2003.1178121},
	issn = {0883-7554}
}

@article{ITERphysics_chap2,
    title = {{Chapter 2: Plasma confinement and transport}},
    year = {1999},
    journal = {Nuclear Fusion},
    author = {{ITER Physics Expert Group on Confinement and Transport and Confinement Modelling and Database} and {ITER Physics Basis Editors}},
    number = {12},
    month = {12},
    pages = {2175--2249},
    volume = {39},
    url = {http://stacks.iop.org/0029-5515/39/i=12/a=302?key=crossref.c457c1e0ef9f22c2316445d85184a82d},
    doi = {10.1088/0029-5515/39/12/302},
    issn = {0029-5515}
}

@article{Johner2011,
	title = {{HELIOS: a zero-dimensional tool for next step and reactor studies}},
	year = {2011},
	journal = {Fusion Science and Technology},
	author = {Johner, Jean},
	number = {},
	month = {2},
	pages = {308--349},
	volume = {59},
	url = {},
	doi = {},
	issn = {}
}

@article{Kadomtsev1975,
	title = {{Tokamaks and dimensional analysis}},
	year = {1975},
	journal = {Sov. J. Plasma Phys.},
	author = {B.B. Kadomtsev},
	number = {},
	month = {07},
	pages = {295},
	volume = {1},
	url = {},
	doi = {},
	issn = {}
}

@article{Luce2008,
    title = {{Application of dimensionless parameter scaling techniques to the design and interpretation of magnetic fusion experiments}},
    year = {2008},
    journal = {Plasma Phys. Control. Fusion},
    author = {T. Luce},
    number = {},
    month = {},
    pages = {043001},
    volume = {50},
    url = {},
    doi = {10.1088/0741-3335/50/4/043001},
    issn = {}
}

@article{Misic2010,
	title = {{Dimensional analysis in physics and the Buckingham theorem}},
	year = {2010},
	journal = {Eur. J. Phys.},
	author = {T. Misic, M. Najdanovic-Lukic and L. Nesic},
	number = {},
	month = {},
	pages = {893â€“906},
	volume = {31},
	url = {},
	doi = {10.1088/0143-0807/31/4/019},
	issn = {}
}

@article{Sheffield1994,
	title = {{The physics of magnetic fusion reactors}},
	year = {1994},
	journal = {Reviews of Modern Physics},
	author = {Sheffield, John},
	number = {3},
	pages = {1015--1103},
	volume = {66},
	isbn = {0034-6861},
	doi = {10.1103/RevModPhys.66.1015},
	issn = {00346861}
}

@article{Troyon1984,
    title = {{MHD-Limits to Plasma Confinement}},
    year = {1984},
    journal = {Plasma Physics and Controlled Fusion},
    author = {Troyon, F and Gruber, R and Saurenmann, H and Semenzato, S and Succi, S},
    number = {1A},
    month = {1},
    pages = {209--215},
    volume = {26},
    url = {http://stacks.iop.org/0741-3335/26/i=1A/a=319?key=crossref.cae719754c2ff814c52af095f5977ea4},
    doi = {10.1088/0741-3335/26/1A/319},
    issn = {0741-3335}
}

@book{Wesson2004,
    title = {{Tokamaks}},
    year = {2004},
    author = {Wesson, John},
    edition = {3rd},
    publisher = {Oxford University Press},
    doi = {10.1017/S0022377804003058}
}

 