@string{ PRL = {Phys. Rev. Letters}}
@string{ PoP= {Phys. Plasmas}}
@string{ CPP={Contrib. Plasma Phys.}}
@string{ JNM={J. Nucl. Mater.}}
@string{ NF={Nucl. Fusion}}
@string{ PPCF={Plasma Phys. Control. Fusion}}


@Book{cea1987,
	Author				= {Ouvrage collectif},
	Title					= {\textit{La fusion thermonucléaire contrôlée par confinement magnétique}},
	Publisher			= {Masson},
	Year					= {1987}
}


@Book{wesson2004,
	Author				= {J. Wesson},
	Title					= {\textit{Tokamaks}},
	Publisher			= {Springer},
	Year					= {2004}
}


@Book{chen2006,
	Author				= {Francis F. Chen},
	Title					= {\textit{Introduction to plasma physics and controlled fusion}},
	Publisher			= {Springer},
	Year					= {2006}
}
%	
	
@Book{helander2002,
	Author				= {P. Helander and D. J. Sigmar},
	Title					= {\textit{Collisional transport in magnetized plasmas}},
	Publisher			= {Cambridge University Press},
	Year					= {2002}
}


@Article{hinton1976,
  Author         = {F. L. Hinton and R. D. Hazeltine},
  Title          = {\textit{Theory of plasma transport in toroidal confinement systems}},
  Journal        = {Review of Modern Physics},
  Volume         = {48},
  Number         = {2},
  Pages          = {239},
  url			 = {},
  year           =  {1976}
}


@Article{hirshman1981,
  Author         = {S. P. Hirshman and D. J. Sigmar},
  Title          = {\textit{Neoclassical transport of impurities in tokamak plasmas}},
  Journal        = NF,
  Volume         = {21},
  Number         = {9},
  Pages          = {1079},
  url			 = {},
  year           =  {1981}
}


@Techreport{ADAS,
	Author			= {H. P. Summers},
	Note				= {Rapport JET-IR (94)06, JET Joint Undertaking, Royaume-Uni},
  url			 = {http://adas.phys.strath.ac.uk/},
	Year				= {1994}
}
	
@phdthesis{azeroual2000_2,
	Author				= {A. Azéroual},
	School				= {Université de Provence},
	Year					= {2000}
}

@InProceedings{hogan1997,
  Author         = {J. Hogan},
  Title          = {},
  BookTitle      = {16$^{e}$ Conference de l'AIEA sur la Fusion Nucléaire Contrôlée, Montreal, Canada},
  Pages          = {625},
  year           = 1997
}

@MasterThesis{sarazin2004,
	Author				= {Y. Sarazin},
  Note					= {Cours de master 2 \textit{Physique des Plasmas}, Université Paris XI-Orsay},
	Year					= 2004
}

@phdthesis{parisot_these,
	Author				= {Th. Parisot},
	School				= {Université Aix-Marseille I},
	Year					= 2007
}

%
	
@Unpublished{hulse1984,
 Author			={R. A. Hulse},
 Title			={Simulation of impurity transport},
 Note			={Presented at the TFTR/JET INTOR Workshop on Plasma Transport in Tokamaks, Princeton},
 Year			=1984
 }


